<?xml version="1.0" encoding="UTF-8"?><collection xmlns="http://www.loc.gov/MARC21/slim"><record><leader>00398nam--2200157-i-4500</leader><controlfield tag="001">000034666</controlfield><controlfield tag="002">20161230</controlfield><controlfield tag="005">20170118235258</controlfield><controlfield tag="008">060222s1000------------r-----000-0-eng-d</controlfield><datafield ind1=" " ind2=" " tag="080"><subfield code="a">539.12(061.3)</subfield></datafield><datafield ind1=" " ind2=" " tag="245"><subfield code="a">New frontiers in particle physics</subfield></datafield><datafield ind1=" " ind2=" " tag="260"><subfield code="a">Singapore</subfield><subfield code="b">World Scientific</subfield><subfield code="c">1986</subfield></datafield><datafield ind1=" " ind2=" " tag="300"><subfield code="a">VIII + 623 p</subfield></datafield><datafield ind1=" " ind2=" " tag="700"><subfield code="a">Cameron, J. M</subfield></datafield><datafield ind1=" " ind2=" " tag="852"><subfield code="a">76671</subfield></datafield><datafield ind1=" " ind2=" " tag="CAT"><subfield code="a">SYS</subfield><subfield code="c">20170118</subfield><subfield code="h">235258</subfield></datafield></record></collection>